@article{edgar2002gene,
  title={Gene Expression Omnibus: NCBI gene expression and hybridization array data repository},
  author={Edgar, Ron and Domrachev, Michael and Lash, Alex E},
  journal={Nucleic acids research},
  volume={30},
  number={1},
  pages={207--210},
  year={2002},
  publisher={Oxford University Press}
}
@article{gentleman2011genefilter,
  title={Genefilter: Methods for filtering genes from microarray experiments},
  author={Gentleman, R and Carey, V and Huber, W and Hahne, F},
  journal={R package version},
  volume={1},
  number={0},
  year={2011}
}
@article{kauffmann2009arrayqualitymetrics,
  title={arrayQualityMetricsâ€”a bioconductor package for quality assessment of microarray data},
  author={Kauffmann, Audrey and Gentleman, Robert and Huber, Wolfgang},
  journal={Bioinformatics},
  volume={25},
  number={3},
  pages={415--416},
  year={2009},
  publisher={Oxford University Press}
}
@article{kim2014molecular,
  title={Molecular effect of ethanol during neural differentiation of human embryonic stem cells in vitro},
  author={Kim, Jeffrey J and Duan, Lewei and Tu, Thanh G and Elie, Omid and Kim, Yiyoung and Mathiyakom, Nathan and Elashoff, David and Kim, Yong},
  journal={Genomics data},
  volume={2},
  pages={139--143},
  year={2014},
  publisher={Elsevier}
}

@article{kim2016alcohol,
  title={Alcohol-induced molecular dysregulation in human embryonic stem cell-derived neural precursor cells},
  author={Kim, Yi Young and Roubal, Ivan and Lee, Youn Soo and Kim, Jin Seok and Hoang, Michael and Mathiyakom, Nathan and Kim, Yong},
  journal={PloS one},
  volume={11},
  number={9},
  year={2016},
  publisher={Public Library of Science}
}
@incollection{smyth2005limma,
  title={Limma: linear models for microarray data},
  author={Smyth, Gordon K},
  booktitle={Bioinformatics and computational biology solutions using R and Bioconductor},
  pages={397--420},
  year={2005},
  publisher={Springer}
}
@article{thissen2002quick,
  title={Quick and easy implementation of the Benjamini-Hochberg procedure for controlling the false positive rate in multiple comparisons},
  author={Thissen, David and Steinberg, Lynne and Kuang, Daniel},
  journal={Journal of educational and behavioral statistics},
  volume={27},
  number={1},
  pages={77--83},
  year={2002},
  publisher={Sage Publications Sage CA: Los Angeles, CA}
}
@article{yu2016reactomepa,
  title={ReactomePA: an R/Bioconductor package for reactome pathway analysis and visualization},
  author={Yu, Guangchuang and He, Qing-Yu},
  journal={Molecular BioSystems},
  volume={12},
  number={2},
  pages={477--479},
  year={2016},
  publisher={Royal Society of Chemistry}
}